@misc{time,
	title="Stopwatch [Эл. ресурс]",
	howpublished="Режим доступа: \url{https://learn.microsoft.com/en-us/dotnet/api/system.diagnostics?view=windowsdesktop-7.0} (дата обращения: 13.10.2022)"
}

@misc{wind,
	title="Windows 11, version 22H2  [Эл. ресурс]",
	howpublished="Режим доступа: \url{https://www.microsoft.com/software-download/windows11} (дата обращения: 14.10.2022)"
}

@misc{proc,
	title="Процессор Intel® Core™ i5 [Эл. ресурс]",
	howpublished="Режим доступа: \url{https://www.intel.com/content/www/us/en/support/ru-banner-inside.html?123} (дата обращения: 14.10.2022)"
}

@misc{Open,
	title="Преобразования в OpenGL [Эл. ресурс]",
	howpublished="Режим доступа: \url{http://www.songho.ca/opengl/gl_transform.html} (дата обращения: 16.07.2022)"
}

@book{cc,
	title="Рихтер Дж. CLR via C\#. Программирование на платформе Microsoft .NET Framework 4.0 на языке С\# / Дж. Рихтер. -- 3-е изд. -- СПб : Питер, 2012. -- 928 с."
}
@book{cg1,
	title="Дёмин А.Ю. Основы компьютерной графики: учебное пособие / А.Ю. Дёмин. -- Томск: Изд-во Томского политехнического университета, 2011. -- 191 с."
}
@book{cg,
	title="Е.В. Шикин Компьютерная графика. Динамика, реалистические изображения / Е.В. Шикин, А.В. Боресков. -- М.: Диалог-МИФИ, 1995. -- 288 с."
}

